@book{wooldridge,
    title = {Introductory econometrics : a modern approach},
    author = {Wooldridge, Jeffrey M. 1960-},
    address = {Cincinnati, Ohio},
    publisher = {South-Western, Cengage Learning},
    year = {2006},
    edition = {3.Internat. student ed., 3. ed.},
    url = {https://digitale-objekte.hbz-nrw.de/storage/2012/09/22/file_26/4655106.pdf}
}

@misc{sqllite,
  author = {{SQLLite}},
  title = {{SQL Online IDE}},
  howpublished = {\url{https://sqliteonline.com/}},
  note = {Letzter Zugriff: 15.10.2024}
}